% This file was created with JabRef 2.10b2.
% Encoding: UTF-8


@InBook{TNauss1374,
  Title                    = {Core project of the DFG priority programm 1374 Exploratories for large-scale and long-term functional biodiversity research},
  Author                   = {Thomas Nauss,www.umweltinformatik-marburg.de/mitarbeiterinnen-und-mitarbeiter/nauss-thomas/},
  Chapter                  = {Instrumentation and Remote Sensing},
  Editor                   = {Markus Fischer,http://www.ips.unibe.ch/research/planteco/index_eng.html},
  Publisher                = {DFG},
  Year                     = {Since 2011, (Deutsche Forschungsgemeinschaft, DFG) },

  Address                  = {http://www.umweltinformatik-marburg.de/mitarbeiterinnen-und-mitarbeiter/nauss-thomas/},
  Note                     = {Falk Hänsel,http://www.umweltinformatik-marburg.de/mitarbeiterinnen-und-mitarbeiter/haensel-falk/},

  Comment                  = {Die Biodiversitäts-Exploratorien sind ein von der Deutschen Forschungsgemeinschaft finanziertes Verbundprojekt (DFG Schwerpunktprogramm 1374 - Bereich Infrastruktur). Drei Exploratorien dienen als offene Forschungsplattform für Wissenschaftler aus ganz Deutschland.},
  Owner                    = {tnauss},
  Timestamp                = {2016.05.04},
  Url                      = {https://www.biodiversity-exploratories.de}
}

@InBook{TNauss1246,
  Title                    = {Research unit 1246 "Kilimanjaro ecosystems under global change},
  Author                   = {Thomas Nauss,www.umweltinformatik-marburg.de/mitarbeiterinnen-und-mitarbeiter/nauss-thomas/ and Tim Appelhans,www.umweltinformatik-marburg.de/mitarbeiterinnen-und-mitarbeiter/appelhans-tim/},
  Chapter                  = {Ecological climatology and remote sensing at Mt. Kilimanjaro},
  Editor                   = {Jörg Bendix,http://lcrs.geographie.uni-marburg.de/index.php?id=82 und Leendert A. (Sampurno) Bruijnzeel,http://www.falw.vu.nl/nl/onderzoek/earth-sciences/geo-environmental-science-and-hydrology/staff/bruijnzeel.aspx und  Andreas Hemp,http://www.bayceer.uni-bayreuth.de/bayceer/de/mitarbeiter/mit/mitarbeiter_detail.php?id_obj=35223 und Mark Mulligan,http://www.kcl.ac.uk/sspp/departments/geography/people/academic/mulligan/index.aspx und  Bernhard Seeger,https://www.uni-marburg.de/fb12/dbs/team/?language_sync=1},
  Publisher                = {DFG},
  Year                     = {2010 - 2016},
  Note                     = {Ephraim Mwangomo,http://www.umweltinformatik-marburg.de/mitarbeiterinnen-und-mitarbeiter/mwangomo-ephraim/ und  Insa Otte,http://www.umweltinformatik-marburg.de/mitarbeiterinnen-und-mitarbeiter/otte-insa/ und  Florian Detsch,http://www.umweltinformatik-marburg.de/mitarbeiterinnen-und-mitarbeiter/detsch-florian/ und (Tim Appelhans until 2012)},

  Comment                  = {The KiLi project is a German Science Foundation funded research unit (DFG research unit FOR1246) and was approved in February 2010. The research unit comprises two central projects and seven subprojects from various disciplines. The duration of the KiLi project is three years for the initial phase with the potential for a three year follow-up phase. The KiLi project studies biodiversity and ecosystem processes on Mt. Kilimanjaro, Tanzania.},
  Keywords                 = {Tanzanian counterpart: Nyamakumbati Mafuru},
  Owner                    = {tnauss},
  Timestamp                = {2016.05.04},
  Url                      = {https://www.kilimanjaro.biozentrum.uni-wuerzburg.de}
}


